@article{artykul:12,
	author    = {Autor Artykułu},
	title     = {Tytuł artykułu},
	journal   = {Wydawnictwo},
	volume    = {35},
	number    = {4},
	year      = {2012},
	pages     = {813-825}
}

@manual{latex:2007,
	author		= {Tobias Oetiker and Hubert Partl and Irene Hyna and Elisabeth Schlegl},
	title 		= {Nie za krótkie wprowadzenie do systemu LaTeX2e. Albo LaTeX2e w 129 minut},
	year 		= {2007},
	month		= {Styczeń},
	howpublished= {wersja pdf},
	note			= {http://www.tex.ac.uk/ctan/info/lshort/polish/lshort2e.pdf}
}

@book{Osuchowska:1998,
	author		= {Barbara Osuchowska},
	title 		= {Poradnik redaktora i autora. Nauki ścisłe i technika},
	year 		= {1988},
	address	= {Warszawa},
	publisher 	= {Wydawnictwo Polskiego Towarzystwa Wydawców Książek}
}

@book{biostatisticsJMP,
	author = {Trevor Bihl},
	title = {Biostatistics Using JMP: A Practical Guide},
	year = {2017},
	address = {Cary, NC},
	publisher = {SAS Institute Inc.}
}

@misc{wisconsin,
	author = {Dr William H. Wolberg, W. Nick Street, Olvi L. Mangasarian},
	title = {Wisconsin Diagnostic Breast Cancer (WDBC)},
	year = {1995},
	institution = {University of Wisconsin},
	url = "https://archive.ics.uci.edu/ml/datasets/breast+cancer+wisconsin+(diagnostic)"
}

@misc{Dua:2019,
	author = "Dua, Dheeru and Graff, Casey",
	year = "2017",
	title = "{UCI} Machine Learning Repository",
	url = "http://archive.ics.uci.edu/ml",
	institution = "University of California, Irvine, School of Information and Computer Sciences" }



@misc{shogun:github,
	author = {shogun-toolbox},
	title = {Shogun},
	year = {2020},
	url = "https://github.com/shogun-toolbox/shogun"
}

@book{handsOnMachineLearning,
	author = {Kirill Kolodiazhnyi},
	title = {Hands-On Machine Learning with C++},
	year = {Maj 2020},
	publisher = {Packt Publishing}
}

@Article{shark,
	author = {Christian Igel and Verena Heidrich-Meisner and Tobias Glasmachers},
	title = {Shark},
	journal = {Journal of Machine Learning Research},
	year = {2008},
	volume = {9},
	pages = {993--996}
}

@misc{dlib:license,
	author = {Dlib team},
	title = {Dlib License},
	year = {2003},
	url = "http://dlib.net/license.html"
}

@misc{shark:http,
	author = {mlcpp},
	title = {Classification with Shark-ML machine learning library},
	year = {2018},
	url = "https://github.com/Kolkir/mlcpp/tree/master/classification_shark"
}

@misc{shark:linear,
	author = {The Shark developer team},
	title = {General Optimization Tasks},
	year = {2018},
	url = "http://image.diku.dk/shark/sphinx_pages/build/html/rest_sources/tutorials/first_steps/general_optimization_tasks.html"
}


@misc{shark:lda,
	author = {The Shark developer team},
	title = {Linear Discriminant Analysis},
	year = {2018},
	url = "http://image.diku.dk/shark/sphinx_pages/build/html/rest_sources/tutorials/algorithms/lda.html"
}

@misc{shark:svm,
	author = {The Shark developer team},
	title = {Support Vector Machines: First Steps},
	year = {2018},
	url = "http://image.diku.dk/shark/sphinx_pages/build/html/rest_sources/tutorials/algorithms/svm.html"
}

@misc{sharkml:knn,
	author = {The Shark developer team},
	title = {Nearest Neighbor Classification},
	year = {2018},
	url = "http://image.diku.dk/shark/sphinx_pages/build/html/rest_sources/tutorials/algorithms/nearestNeighbor.html"
}

@misc{shark:loss,
	author = {The Shark developer team},
	title = {Loss and Cost Functions},
	year = {2018},
	url = "http://image.diku.dk/shark/sphinx_pages/build/html/rest_sources/tutorials/concepts/library_design/losses.html"
}

@misc{shark:activation,
	author = {The Shark developer team},
	title = {Neuron activation functions},
	year = {2018},
	url = "https://www.shark-ml.org/doxygen_pages/html/group__activations.html"
}

@Article{dlib09,
	author = {Davis E. King},
	title = {Dlib-ml: A Machine Learning Toolkit},
	journal = {Journal of Machine Learning Research},
	year = {2009},
	volume = {10},
	pages = {1755-1758},
}

@Article{expert,
	author = {Owczarek M.},
	title = {Charakterystyka systemów ekspertowych i ich zastosowanie w medycynie},
	journal = {Mikroelektronika i informatyka - prace naukowe},
	year = {2005},
	volume = {5},
	pages = {197 - 202},
	url = "http://yadda.icm.edu.pl/yadda/element/bwmeta1.element.baztech-article-LOD4-0002-0067"
}

@misc{shark:home,
	author = {The Shark developer team},
	title = {Shark - Machine Learning},
	year = {2018},
	url = "https://www.shark-ml.org/"
}

@misc{tf_api,
	author = {Google},
	title = {TensorFlow - API Documentation},
	year = {2013},
	url = "https://www.tensorflow.org/api_docs"
}

@misc{shallow,
	author = {Ayman Mahmoud},
	title = {Introduction to Shallow Machine Learning},
	year = {2019},
	url = "https://www.linkedin.com/pulse/introduction-shallow-machine-learning-ayman-mahmoud/"
}

@misc{tree,
	author = {Prashant Gupta},
	title = {Decision Trees in Machine Learning},
	year = {2017},
	url = "https://towardsdatascience.com/decision-trees-in-machine-learning-641b9c4e8052"
}

@misc{mit_neural,
	author = {Larry Hardesty},
	title = {Explained: Neural Networks - Ballyhooed artificial-intelligence technique known as ,,deep learning'' revives 70-years-old idea},
	year = {2017},
	url = "https://news.mit.edu/2017/explained-neural-networks-deep-learning-0414"
}

@misc{constrained,
	author = {Raghuram Madabushi},
	title = {Neural Network / Machine Learning in resource constrained environments},
	year = {2018},
	url = "https://medium.com/@raghu.madabushi/neural-network-machine-learning-in-resource-constrained-environments-c934ff1f522"
}

@misc{cpp_char,
	author = {Data Flair},
	title = {Features of C++ | How Programmers use C++ in 10 Unbelievable ways},
	year = {2023},
	url = "https://data-flair.training/blogs/features-of-c-plus-plus/"
}

@misc{android_nna,
	author = {Edytorzy dokumentacji systemu Android},
	title = {Neural Networks API},
	year = {2023},
	url = "https://developer.android.com/ndk/guides/neuralnetworks"
}

@misc{cpp_cuda,
	author = {nVidia},
	title = {CUDA C++ Programming Guide},
	year = {2023},
	url = "https://docs.nvidia.com/cuda/cuda-c-programming-guide/index.html"
}

@misc{cpp_onnx,
	author = {ONNX Runtime Team},
	title = {Get started with ORT for C++},
	year = {2023},
	url = "https://onnxruntime.ai/docs/get-started/with-c.html"
}

@misc{jmp,
	author = {JMP Statistical Discovery},
	title = {JMP Pro - Predictive analytics software for scientists and engineers},
	year = {2023},
	url = "https://www.jmp.com/en_nl/software/predictive-analytics-software.html"
}

@misc{arr,
	author = {Stephen Lower},
	title = {Arrhenius Equation},
	year = {2023},
	url = "https://chem.libretexts.org/Bookshelves/Physical_and_Theoretical_Chemistry_Textbook_Maps/Supplemental_Modules_(Physical_and_Theoretical_Chemistry)/Kinetics/06%3A_Modeling_Reaction_Kinetics/6.02%3A_Temperature_Dependence_of_Reaction_Rates/6.2.03%3A_The_Arrhenius_Law/6.2.3.01%3A_Arrhenius_Equation"
}
--------------------------------------------------------------------------------------------